@misc{rustasyncdeepdive2024,
    author       = {Sandeep Ahluwalia, Deepa Ahluwalia},
    title        = {Understanding Async Await in Rust: From State Machines to Assembly Code},
    howpublished = {\url{https://www.eventhelix.com/rust/rust-to-assembly-async-await/}},
    note         = {Online, Accessed: 2024-07-30},
    year         = {2024}
}
@misc{tokiocrate,
  author = {Tokio Project Developers},
  title = {Tokio: An asynchronous runtime for the Rust programming language},
  year = {2024},
  howpublished = {\url{https://github.com/tokio-rs/tokio}},
  note = {Version 1.x. Available at: https://crates.io/crates/tokio}
}